% This file was created with JabRef 2.7.2.
% Encoding: ISO8859_1

@STRING{pub-IEC = {International Electrotechnical Commission}}

@STRING{pub-IEC:adr = {Geneva, Switzerland}}

@STRING{pub-IEE = {IEE}}

@STRING{pub-IEE:adr = {London, UK}}

@STRING{pub-IEEE = {IEEE Computer Society Press}}

@STRING{pub-IEEE:adr = {1109 Spring Street, Suite 300, Silver Spring, MD 20910, USA}}

@STRING{pub-ISO = {International Organization for Standardization}}

@STRING{pub-ISO:adr = {Geneva, Switzerland}}

@STRING{pub-MIT = {MIT Press}}

@STRING{pub-MIT:adr = {Cambridge, MA, USA}}

@STRING{pub-OMH = {Osborne\slash Mc{\-}Graw-Hill}}

@STRING{pub-OMH:adr = {Berkeley, CA, USA}}

@STRING{pub-SV = {Springer-Verlag Inc.}}

@STRING{pub-SV:adr = {New York, NY, USA}}

@STRING{pub-WILEY = {Wiley}}

@STRING{pub-WILEY:adr = {New York, NY, USA}}

@INPROCEEDINGS{Wassyng2003,
  author = {Alan Wassyng and Mark Lawford},
  title = {Lessons Learned from a Successful Implementation of Formal Methods
	in an Industrial Project},
  booktitle = {FME},
  year = {2003},
  pages = {133-153},
  bibsource = {DBLP, http://dblp.uni-trier.de},
  crossref = {DBLP:conf/fm/2003},
  ee = {http://dx.doi.org/10.1007/978-3-540-45236-2_9}
}

@BOOK{IEC:2003:IEP,
  title = {61131-3 Ed. 2.0 en:2003: Programmable Controllers --- Part 3: Programming
	Languages},
  publisher = {International Electrotechnical Commission},
  year = {2003},
  author = {{IEC}},
  acknowledgement = {#ack-nhfb#}
}

@INPROCEEDINGS{Owre1992,
  author = {Owre, Sam and Rushby, John M. and Shankar, Natarajan},
  title = {{PVS: A Prototype Verification System}},
  booktitle = {CADE},
  year = {1992},
  volume = {607},
  series = {LNCS},
  pages = {748--752},
  acmid = {752639},
  isbn = {3-540-55602-8},
  numpages = {5}
}

@ARTICLE{Pang2014,
  author = {Linna Pang and Chen-Wei Wang and Mark Lawford and Alan Wassyng},
  title = {Formal Verification of {IEC} 61131-3 Function Blocks using Tabular
	Expressions},
  journal = {Science of Computer Programming},
  year = {2014},
  note = {Invited for Submission. Submission ID: SCICO-D-14-00102},
  owner = {jackie},
  timestamp = {2014.08.05}
}

@INPROCEEDINGS{PangWangLawfordWassyng2013,
  author = {Linna Pang and Chen-Wei Wang and Mark Lawford and Alan Wassyng},
  title = {{"Formalizing and Verifying Function Blocks using Tabular Expressions
	and PVS}},
  booktitle = {FTSCS},
  year = {2013},
  volume = {419},
  series = {Communications in Computer and Information Science},
  pages = {163--178},
  publisher = {Spring},
  timestamp = {2014.04.10}
}

